<?xml version="1.0" encoding="UTF-8"?><collection xmlns="http://www.loc.gov/MARC21/slim"><record><leader>00343nam--2200133-i-4500</leader><controlfield tag="001">000039199</controlfield><controlfield tag="002">20161230</controlfield><controlfield tag="005">20161230201042</controlfield><controlfield tag="008">060222s1000------------r-----000-0-eng-d</controlfield><datafield ind1=" " ind2=" " tag="080"><subfield code="a">541.5</subfield></datafield><datafield ind1=" " ind2=" " tag="100"><subfield code="a">Roberts, John D</subfield></datafield><datafield ind1=" " ind2=" " tag="245"><subfield code="a">Notes on molecular orbital calculations</subfield></datafield><datafield ind1=" " ind2=" " tag="260"><subfield code="a">New York, W.A.Benjamin, Inc., 1961, Ix + 156p</subfield></datafield><datafield ind1=" " ind2=" " tag="852"><subfield code="a">17491</subfield></datafield></record></collection>